<record><leader>00000cas a22000007a 4500</leader><controlfield tag="001">12387936</controlfield><controlfield tag="008">850815d19401945ksuwr ne      0    0eng d</controlfield><datafield ind1=" " ind2=" " tag="010"><subfield code="a">sn 85029568 </subfield></datafield><datafield ind1=" " ind2=" " tag="040"><subfield code="a">KSH</subfield><subfield code="b">eng</subfield><subfield code="c">KSH</subfield><subfield code="d">NPT</subfield><subfield code="d">DLC</subfield><subfield code="d">OCLCQ</subfield></datafield><datafield ind1=" " ind2=" " tag="042"><subfield code="a">msc</subfield></datafield><datafield ind1="0" ind2=" " tag="130"><subfield code="a">Phillips County review (Phillipsburg, Kan. : 1940)</subfield></datafield><datafield ind1="1" ind2="4" tag="245"><subfield code="a">The Phillips County review.</subfield></datafield><datafield ind1=" " ind2=" " tag="260"><subfield code="a">Phillipsburg, Kan. :</subfield><subfield code="b">[F.W. &amp; McDill Boyd],</subfield><subfield code="c">1940-1945.</subfield></datafield><datafield ind1=" " ind2=" " tag="300"><subfield code="a">5 v. :</subfield><subfield code="b">ill. ;</subfield><subfield code="c">53 cm.</subfield></datafield><datafield ind1=" " ind2=" " tag="310"><subfield code="a">Weekly</subfield></datafield><datafield ind1="0" ind2=" " tag="362"><subfield code="a">Vol. 19, no. 27 (Apr. 11, 1940)-v. 24, no. 14 (Jan. 11, 1945).</subfield></datafield><datafield ind1=" " ind2=" " tag="500"><subfield code="a">Published by The Boyd Family, &lt;June 11, 1942&gt;-Jan. 11, 1945.</subfield></datafield><datafield ind1=" " ind2=" " tag="752"><subfield code="a">United States</subfield><subfield code="b">Kansas</subfield><subfield code="c">Phillips</subfield><subfield code="d">Phillipsburg.</subfield></datafield><datafield ind1="0" ind2="0" tag="780"><subfield code="t">Phillips County review and the Phillipsburg news</subfield><subfield code="w">(DLC)sn 85029617</subfield></datafield><datafield ind1="0" ind2="5" tag="780"><subfield code="t">Kirwin Kansan</subfield><subfield code="g">Oct. 8, 1942</subfield><subfield code="w">(DLC)sn 85029479</subfield></datafield><datafield ind1="0" ind2="5" tag="780"><subfield code="t">Agra sentinel</subfield><subfield code="g">Sept. 18, 1947</subfield><subfield code="w">(DLC)sn 85029484</subfield></datafield><datafield ind1="0" ind2="7" tag="785"><subfield code="t">Phillips County leader</subfield><subfield code="w">(DLC)sn 85029673</subfield></datafield><datafield ind1="0" ind2="7" tag="785"><subfield code="t">Phillips County review and the Phillips County leader</subfield><subfield code="w">(DLC)sn 85029696</subfield></datafield></record>